<record xmlns="http://www.loc.gov/MARC21/slim" xmlns:xsi="http://www.w3.org/2001/XMLSchema-instance" xsi:schemaLocation="http://www.loc.gov/MARC21/slim http://www.loc.gov/standards/marcxml/schema/MARC21slim.xsd"><leader>01325nam a2200289   4500</leader><controlfield tag="001">001680502</controlfield><controlfield tag="003">NNU</controlfield><controlfield tag="006">m        d        </controlfield><controlfield tag="007">cr cn |||m|||a</controlfield><controlfield tag="008">140707s1969    iq h    ob    000 0 ara d</controlfield><datafield ind1=" " ind2=" " tag="040"><subfield code="a">NNU</subfield><subfield code="b">eng</subfield><subfield code="c">NNU</subfield></datafield><datafield ind1="0" ind2=" " tag="100"><subfield code="a">Ab&#363; &#7716;ayy&#257;n Mu&#7717;ammad ibn Y&#363;suf,</subfield><subfield code="d">1256-1344.</subfield></datafield><datafield ind1="1" ind2="0" tag="245"><subfield code="a">D&#299;w&#257;n Ab&#299; &#7716;ayy&#257;n al-Andalus&#299; ; ta&#7717;q&#299;q A&#7717;mad Ma&#7789;l&#363;b, Khad&#299;jah al-&#7716;ad&#299;th&#299;]</subfield><subfield code="h">[electronic resource].</subfield></datafield><datafield ind1="3" ind2="4" tag="246"><subfield code="a">Diwan Abu Hayyan</subfield></datafield><datafield ind1=" " ind2=" " tag="250"><subfield code="a">al-&#7788;ab&#699;ah 1.</subfield></datafield><datafield ind1=" " ind2=" " tag="260"><subfield code="a">[Baghdad :</subfield><subfield code="b">Ma&#7789;ba&#699;at al-&#699;&#256;n&#299;,</subfield><subfield code="c">1969]</subfield></datafield><datafield ind1=" " ind2=" " tag="300"><subfield code="a">online resource (551 p.) :</subfield><subfield code="b">facsims.</subfield></datafield><datafield ind1=" " ind2=" " tag="500"><subfield code="a">Part of the Arabic Collections Online (ACO) project, contributed by New York Univeristy Libraries.</subfield></datafield><datafield ind1=" " ind2=" " tag="504"><subfield code="a">Includes bibliographical references (p. 507-510)</subfield></datafield><datafield ind1=" " ind2=" " tag="533"><subfield code="a">Electronic reproduction.</subfield><subfield code="b">New York, N.Y. :</subfield><subfield code="c">New York University,</subfield><subfield code="d">2014.</subfield><subfield code="5">NNU</subfield></datafield><datafield ind1="1" ind2=" " tag="700"><subfield code="a">Ma&#7789;l&#363;b, A&#7717;mad.</subfield></datafield><datafield ind1="1" ind2=" " tag="700"><subfield code="a">&#7716;ad&#299;th&#299;, Khad&#299;jah.</subfield></datafield><datafield ind1="2" ind2=" " tag="710"><subfield code="a">New York University.</subfield><subfield code="b">Libraries.</subfield></datafield><datafield ind1="0" ind2=" " tag="730"><subfield code="a">Arabic Collections Online.</subfield></datafield><datafield ind1="0" ind2="8" tag="776"><subfield code="i">Print version:</subfield><subfield code="a">Ab&#363; &#7716;ayy&#257;n Mu&#7717;ammad ibn Y&#363;suf, 1256-1344.</subfield><subfield code="t">D&#299;w&#257;n Ab&#299; &#7716;ayy&#257;n al-Andalus&#299; ; ta&#7717;q&#299;q A&#7717;mad Ma&#7789;l&#363;b, Khad&#299;jah al-&#7716;ad&#299;th&#299;]</subfield><subfield code="w">(NNU)001680502</subfield></datafield><datafield ind1="4" ind2="0" tag="856"><subfield code="u">http://hdl.handle.net/2333.1/1ns1rq00</subfield></datafield><datafield ind1=" " ind2=" " tag="959"><subfield code="a">NNU</subfield><subfield code="b">WEB</subfield><subfield code="c">GENI</subfield><subfield code="t">0</subfield><subfield code="m">Electronic access</subfield><subfield code="s">01</subfield></datafield></record>